<record><leader>00000cas a22000007a 4500</leader><controlfield tag="001">19916851</controlfield><controlfield tag="008">890623d19131915nduwr ne      0    0eng d</controlfield><datafield ind1=" " ind2=" " tag="010"><subfield code="a">sn 88076001 </subfield></datafield><datafield ind1=" " ind2=" " tag="040"><subfield code="a">NOP</subfield><subfield code="b">eng</subfield><subfield code="c">NOP</subfield><subfield code="d">OCLCQ</subfield></datafield><datafield ind1=" " ind2=" " tag="042"><subfield code="a">msc</subfield></datafield><datafield ind1="0" ind2="4" tag="245"><subfield code="a">The Tappen leader-journal.</subfield></datafield><datafield ind1=" " ind2=" " tag="260"><subfield code="a">Tappen, Kidder County, N.D. :</subfield><subfield code="b">H.S. Wood</subfield></datafield><datafield ind1=" " ind2=" " tag="300"><subfield code="a">2 v. :</subfield><subfield code="b">ill. ;</subfield><subfield code="c">55 cm.</subfield></datafield><datafield ind1=" " ind2=" " tag="310"><subfield code="a">Weekly</subfield></datafield><datafield ind1="0" ind2=" " tag="362"><subfield code="a">Vol. 8, no. 20 (Sept. 5, 1913)-v. 9, no. 43 (Feb. 12, 1915).</subfield></datafield><datafield ind1=" " ind2=" " tag="500"><subfield code="a">"Official County Paper."</subfield></datafield><datafield ind1=" " ind2=" " tag="515"><subfield code="a">Numbering continues sequence of The Dawson leader.</subfield></datafield><datafield ind1=" " ind2=" " tag="530"><subfield code="a">Available on microfilm from the State Historical Society of North Dakota.</subfield></datafield><datafield ind1=" " ind2=" " tag="752"><subfield code="a">United States</subfield><subfield code="b">North Dakota</subfield><subfield code="c">Kidder</subfield><subfield code="d">Tappen.</subfield></datafield><datafield ind1="0" ind2="4" tag="780"><subfield code="t">Tappen journal (Tappen, N.D. : 1913)</subfield><subfield code="w">(DLC)sn 89074971</subfield></datafield><datafield ind1="0" ind2="4" tag="780"><subfield code="t">Dawson leader (Dawson, N.D. : 1906)</subfield><subfield code="w">(DLC)sn 88076003</subfield></datafield><datafield ind1="0" ind2="0" tag="785"><subfield code="t">Tappen journal (Tappen, N.D. : 1915)</subfield><subfield code="w">(DLC)sn 88076002</subfield></datafield></record>